<?xml version="1.0" encoding="UTF-8"?><collection xmlns="http://www.loc.gov/MARC21/slim"><record><leader>00471nam--2200169-i-4500</leader><controlfield tag="001">000046719</controlfield><controlfield tag="002">20161230</controlfield><controlfield tag="005">20170110225114</controlfield><controlfield tag="008">060222s1000------------r-----000-0-eng-d</controlfield><datafield ind1=" " ind2=" " tag="080"><subfield code="a">517.55</subfield></datafield><datafield ind1=" " ind2=" " tag="100"><subfield code="a">Waadeland, Haakon</subfield></datafield><datafield ind1=" " ind2=" " tag="245"><subfield code="a">Untersuchungen uber aquivalenzklassen normierter, schilchter funcktionen</subfield></datafield><datafield ind1=" " ind2=" " tag="260"><subfield code="a">Trondheim</subfield><subfield code="b">F.Bruns Bokhandel</subfield><subfield code="c">1959</subfield></datafield><datafield ind1=" " ind2=" " tag="300"><subfield code="a">46 p</subfield></datafield><datafield ind1=" " ind2=" " tag="490"><subfield code="a">Det Kgl.Norke Vid.Selsk.Skr</subfield></datafield><datafield ind1=" " ind2=" " tag="852"><subfield code="a">15615</subfield></datafield><datafield ind1=" " ind2=" " tag="CAT"><subfield code="a">SYS</subfield><subfield code="c">20170110</subfield><subfield code="h">225114</subfield></datafield></record></collection>